<?xml version="1.0" encoding="UTF-8"?><record xmlns="http://www.loc.gov/MARC21/slim" xmlns:cinclude="http://apache.org/cocoon/include/1.0" xmlns:zs="http://www.loc.gov/zing/srw/">
  <leader>00661cz  a2200157n  4500</leader>
  <controlfield tag="001">n  82155220 </controlfield>
  <controlfield tag="003">DLC</controlfield>
  <controlfield tag="005">20130315085005.0</controlfield>
  <controlfield tag="008">830209n| azannaabn          |a ana     c</controlfield>
  <datafield tag="010" ind1=" " ind2=" ">
    <subfield code="a">n  82155220 </subfield>
  </datafield>
  <datafield tag="035" ind1=" " ind2=" ">
    <subfield code="a">(OCoLC)oca00851214</subfield>
  </datafield>
  <datafield tag="040" ind1=" " ind2=" ">
    <subfield code="a">DI</subfield>
    <subfield code="b">eng</subfield>
    <subfield code="e">rda</subfield>
    <subfield code="c">DLC</subfield>
    <subfield code="d">OCoLC</subfield>
    <subfield code="d">DLC</subfield>
  </datafield>
  <datafield tag="110" ind1="1" ind2=" ">
    <subfield code="a">North Dakota.</subfield>
    <subfield code="b">Pittman-Robertson Division</subfield>
  </datafield>
  <datafield tag="410" ind1="1" ind2=" ">
    <subfield code="a">North Dakota.</subfield>
    <subfield code="b">State Game and Fish Department.</subfield>
    <subfield code="b">Pittman-Robertson Division</subfield>
  </datafield>
  <datafield tag="510" ind1="1" ind2=" ">
    <subfield code="w">r</subfield>
    <subfield code="i">Hierarchical superior:</subfield>
    <subfield code="a">North Dakota.</subfield>
    <subfield code="b">State Game and Fish Department</subfield>
  </datafield>
  <datafield tag="670" ind1=" " ind2=" ">
    <subfield code="a">Enyeart, G. W. Completion report Garrison and Snake ... 1973 (a.e.)</subfield>
    <subfield code="b">cover (North Dakota State Game and Fish Department, Pittman-Robertson Divison)</subfield>
  </datafield>
</record>